@misc{pyXSteam,
author = {drunsinn},
title = {pyXSteam (0.4.9)},
year = {2022},
url = {https://pypi.org/project/pyXSteam}

}

@misc{XSteam,
author = {Magnus Holmgren},
title = {XSteam},
url = {xsteam.sourceforge.net}

}


@techreport{IAPWS97,
author = {IAPWS},
title = {Revised Release on the {IAPWS} Industrial Formulation 1997 for the Thermodynamic Properties of Water and Steam},
year = {2007},

}